<record><leader>00000cas a22000007a 4500</leader><controlfield tag="001">9117262</controlfield><controlfield tag="008">830111d18611861mdudr ne      0    0eng  </controlfield><datafield ind1=" " ind2=" " tag="010"><subfield code="a">sn 83009576 </subfield></datafield><datafield ind1=" " ind2=" " tag="040"><subfield code="a">DLC</subfield><subfield code="b">eng</subfield><subfield code="c">DLC</subfield><subfield code="d">NPY</subfield><subfield code="d">MFN</subfield><subfield code="d">DLC</subfield></datafield><datafield ind1=" " ind2=" " tag="042"><subfield code="a">msc</subfield></datafield><datafield ind1="0" ind2="0" tag="050"><subfield code="a">Newspaper 8112</subfield></datafield><datafield ind1="0" ind2="4" tag="245"><subfield code="a">The Maryland times.</subfield></datafield><datafield ind1=" " ind2=" " tag="260"><subfield code="a">Baltimore [Md.] :</subfield><subfield code="b">Carter &amp; Nielson,</subfield></datafield><datafield ind1=" " ind2=" " tag="300"><subfield code="a">v.</subfield></datafield><datafield ind1=" " ind2=" " tag="310"><subfield code="a">Daily</subfield></datafield><datafield ind1="0" ind2=" " tag="362"><subfield code="a">Vol. 1, no. 1 (Sept. 19, 1861)-v. 1, no. 4 (Sept. 23, 1861).</subfield></datafield><datafield ind1=" " ind2=" " tag="752"><subfield code="a">United States</subfield><subfield code="b">Maryland</subfield><subfield code="d">Baltimore.</subfield></datafield><datafield ind1="0" ind2="0" tag="780"><subfield code="t">Daily exchange</subfield><subfield code="x">2378-0509</subfield><subfield code="w">(DLC)sn 83009573</subfield><subfield code="w">(OCoLC)9114916</subfield></datafield><datafield ind1="0" ind2="0" tag="785"><subfield code="t">Maryland news sheet</subfield><subfield code="w">(DLC)sn 83009580</subfield></datafield><datafield ind1="1" ind2=" " tag="029"><subfield code="a">AU@</subfield><subfield code="b">000025819275</subfield></datafield></record>